@STRING{ jan = "January" }
@STRING{ feb = "February" }
@STRING{ mar = "March" }
@STRING{ apr = "April" }
@STRING{ may = "May" }
@STRING{ jun = "June" }
@STRING{ jul = "July" }
@STRING{ aug = "August" }
@STRING{ sep = "September" }
@STRING{ oct = "October" }
@STRING{ nov = "November" }
@STRING{ dec = "December" }

@online{elfClosedLoops,
    author = {Eldridge, James},
    title = {Control Systems and Image processing for AVC},
    urlyear = {2016},
    urlmonth = { apr },
    urlday = { 20 },
    url =
    {http://ecs.victoria.ac.nz/foswiki/pub/Courses/ENGR101_2016T1/LectureSchedule/ENGR101_Lecture20.pdf},
    year = { 2016 },
    month = { apr },
    day = { 20 }
}
@book{aastrom2006advanced,
  title={Advanced PID control},
  author={{\AA}str{\"o}m, Karl Johan and H{\"a}gglund, Tore},
  year={2006},
  publisher={ISA-The Instrumentation, Systems, and Automation Society; Research Triangle Park, NC 27709}
}
